<record><leader>00000cas a22000007a 4500</leader><controlfield tag="001">11253998</controlfield><controlfield tag="008">841011d187618uuohuwn ne      0   a0eng d</controlfield><datafield ind1=" " ind2=" " tag="010"><subfield code="a">sn 84024215 </subfield></datafield><datafield ind1=" " ind2=" " tag="040"><subfield code="a">NPV</subfield><subfield code="b">eng</subfield><subfield code="c">NPV</subfield><subfield code="d">DLC</subfield><subfield code="d">ONP</subfield><subfield code="d">OCLCQ</subfield></datafield><datafield ind1=" " ind2=" " tag="042"><subfield code="a">msc</subfield></datafield><datafield ind1="0" ind2=" " tag="130"><subfield code="a">Toledo evening bee (Toledo, Ohio : 1876)</subfield></datafield><datafield ind1="1" ind2="4" tag="245"><subfield code="a">The Toledo evening bee.</subfield></datafield><datafield ind1=" " ind2=" " tag="260"><subfield code="a">[Toledo, Ohio] :</subfield><subfield code="b">Toledo Print. &amp; Pub. Co.</subfield></datafield><datafield ind1=" " ind2=" " tag="300"><subfield code="a">v. :</subfield><subfield code="b">ill. (chiefly advertisements) ;</subfield><subfield code="c">57 cm.</subfield></datafield><datafield ind1=" " ind2=" " tag="310"><subfield code="a">Daily (except Sun.)</subfield></datafield><datafield ind1="0" ind2=" " tag="362"><subfield code="a">No. 1 (Apr. 26, 1876)-</subfield></datafield><datafield ind1=" " ind2=" " tag="752"><subfield code="a">United States</subfield><subfield code="b">Ohio</subfield><subfield code="c">Lucas</subfield><subfield code="d">Toledo.</subfield></datafield><datafield ind1="0" ind2=" " tag="775"><subfield code="t">Toledo weekly bee</subfield><subfield code="w">(DLC)sn 87076711</subfield></datafield><datafield ind1="0" ind2="0" tag="785"><subfield code="t">Bee (Toledo, Ohio)</subfield><subfield code="w">(DLC)sn 87076712</subfield></datafield></record>